@article{Costa2016102,
title = "Investigation of rat exploratory behavior via evolving artificial neural networks ",
journal = "Journal of Neuroscience Methods ",
volume = "270",
number = "",
pages = "102 - 110",
year = "2016",
note = "",
issn = "0165-0270",
doi = "http://dx.doi.org/10.1016/j.jneumeth.2016.06.010",
url = "http://www.sciencedirect.com/science/article/pii/S0165027016301315",
author = "Ariadne de Andrade Costa and Renato Tin√≥s",
keywords = "Elevated plus-maze",
keywords = "Rat",
keywords = "Exploratory behavior",
keywords = "Neuroevolution",
keywords = "Genetic algorithm",
keywords = "Artificial neural network "
}

